<record><leader>00000cas a22000007a 4500</leader><controlfield tag="001">12212152</controlfield><controlfield tag="008">850628d18651866pauwr ne      0    0eng d</controlfield><datafield ind1=" " ind2=" " tag="010"><subfield code="a">sn 85054721 </subfield></datafield><datafield ind1=" " ind2=" " tag="040"><subfield code="a">NPH</subfield><subfield code="b">eng</subfield><subfield code="c">NPH</subfield><subfield code="d">OCLCQ</subfield></datafield><datafield ind1=" " ind2=" " tag="042"><subfield code="a">msc</subfield></datafield><datafield ind1="0" ind2=" " tag="130"><subfield code="a">New era (Philadelphia, Pa.)</subfield></datafield><datafield ind1="1" ind2="4" tag="245"><subfield code="a">The new era.</subfield></datafield><datafield ind1=" " ind2=" " tag="260"><subfield code="a">Manayunk, Philadelphia [Pa.] :</subfield><subfield code="b">William H. Runkel,</subfield><subfield code="c">1865-1866.</subfield></datafield><datafield ind1=" " ind2=" " tag="300"><subfield code="a">1 v. ;</subfield><subfield code="c">68 cm.</subfield></datafield><datafield ind1=" " ind2=" " tag="310"><subfield code="a">Weekly</subfield></datafield><datafield ind1="0" ind2=" " tag="362"><subfield code="a">Vol. 1, no. 1 (Sept. 23, 1865)-v. 2, no. 12 (June 9, 1866).</subfield></datafield><datafield ind1=" " ind2=" " tag="500"><subfield code="a">Published on Saturday.</subfield></datafield><datafield ind1=" " ind2=" " tag="752"><subfield code="a">United States</subfield><subfield code="b">Pennsylvania</subfield><subfield code="c">Philadelphia</subfield><subfield code="d">Philadelphia.</subfield></datafield><datafield ind1=" " ind2=" " tag="752"><subfield code="a">United States</subfield><subfield code="b">Pennsylvania</subfield><subfield code="c">Philadelphia</subfield><subfield code="d">Manayunk.</subfield></datafield></record>